@Misc{matemaks1,
key={1},
title={\href{http://www.matemaks.pl/liczby-zespolone.php?tid=10602}{Definicja liczby zespolonej}},
url={http://www.matemaks.pl/liczby-zespolone.php?tid=10602},
}
@Misc{matemaks2,
key={2},
title={\href{http://www.matemaks.pl/liczby-zespolone.php?tid=10604}{Sprzężenie liczby zespolonej}},
url={http://www.matemaks.pl/liczby-zespolone.php?tid=10604},
}
@Misc{matemaks3,
key={3},
title={\href{http://www.matemaks.pl/liczby-zespolone.php?tid=10605}{Moduł liczby zespolonej}},
url={http://www.matemaks.pl/liczby-zespolone.php?tid=10605},
}
@Misc{matemaks4,
key={4},
title={\href{http://www.matemaks.pl/liczby-zespolone.php?tid=10606}{Interpretacja geometryczna liczby zespolonej}},
url={http://www.matemaks.pl/liczby-zespolone.php?tid=10606},
}
@Misc{kawal1,
title={\href{http://kawaly.tja.pl/dowcip,pewien-informatyk-poszedl-na-ryby.html}{Informatyk na rybach}},
key={5},
url={http://kawaly.tja.pl/dowcip,pewien-informatyk-poszedl-na-ryby.html},
}
@Misc{kawal2,
title={\href{http://kawaly.tja.pl/dowcip,ona-do-meza-informatyka-poznajesz.html}{Żona do męża informatyka}},
key={6},
url={http://kawaly.tja.pl/dowcip,ona-do-meza-informatyka-poznajesz.html},
}
@Misc{kawal3,
title={\href{http://kawaly.tja.pl/dowcip,jak-informatyk-wywiesza.html}{Informatyk wywiesza}},
key={7},
url={http://kawaly.tja.pl/dowcip,jak-informatyk-wywiesza.html},
}
@Misc{kawal4,
title={\href{http://kawaly.tja.pl/dowcip,czym-rozni-sie-doswiadczony.html}{Różnice pomiędzy informatykami}},
key={8},
url={http://kawaly.tja.pl/dowcip,czym-rozni-sie-doswiadczony.html},
}
@Misc{kawal5,
title={\href{http://kawaly.tja.pl/dowcip,informatyk-do-informatyka-pozycz-mi.html}{Pożyczka}},
key={9},
url={http://kawaly.tja.pl/dowcip,informatyk-do-informatyka-pozycz-mi.html},
}
@Misc{kawal6,
title={\href{http://kawaly.tja.pl/dowcip,jaki-rozmiar-piersi-powinna-miec-zona.html}{Jaki rozmiar}},
key={10},
url={http://kawaly.tja.pl/dowcip,jaki-rozmiar-piersi-powinna-miec-zona.html},
}